@article{Sung2021,
  author    = {Hyuna Sung and Jacques Ferlay and Rebecca L. Siegel and Mathieu Laversanne and Isabelle Soerjomataram and Ahmedin Jemal and Freddie Bray},
  title     = {{Global Cancer Statistics 2020: GLOBOCAN Estimates of Incidence and Mortality Worldwide for 36 Cancers in 185 Countries}},
  journal   = {CA: A Cancer Journal for Clinicians},
  volume    = {71},
  number    = {3},
  pages     = {209--249},
  year      = {2021},
  doi       = {10.3322/caac.21660}
}

@report{CCS2021,
  title     = {{Canadian Cancer Statistics 2021}},
  author    = {{Canadian Cancer Society, Statistics Canada and Public Health Agency of Canada}},
  year      = {2021},
  institution = {Canadian Cancer Society},
  address   = {Toronto, Canada},
  note      = {Released Nov 2021. Available from: \url{https://cancer.ca/en/research/cancer-statistics/canadian-cancer-statistics-2021}}
}

@article{Druker2001,
  author    = {Brian J. Druker and Moshe Talpaz and Debra J. Resta and Bin Peng and Elisabeth Buchdunger and Jean M. Ford and Nicholas B. Lydon and Hagop Kantarjian and Robert Capdeville and Susan Ohno-Jones and Charles L. Sawyers},
  title     = {{Efficacy and safety of a specific inhibitor of the BCR-ABL tyrosine kinase in chronic myeloid leukemia}},
  journal   = {New England Journal of Medicine},
  volume    = {344},
  number    = {14},
  pages     = {1031--1037},
  year      = {2001},
  doi       = {10.1056/NEJM200104053441401}
}

@article{Rosell2012,
  author    = {Rafael Rosell and Enric Carcereny and Radj Gervais and Alain Vergnen{\`e}gre and Bartomeu Massuti and Enriqueta Felip and Ramon Palmero and Ram{\'o}n Garcia-G{\'o}mez and Cinta Pallares and Jos{\'e} Miguel S{\'a}nchez and et al.},
  title     = {{Erlotinib versus standard chemotherapy as first-line treatment for European patients with advanced EGFR mutation-positive non-small-cell lung cancer (EURTAC): a multicentre, open-label, randomised phase 3 trial}},
  journal   = {The Lancet Oncology},
  volume    = {13},
  number    = {3},
  pages     = {239--246},
  year      = {2012},
  doi       = {10.1016/S1470-2045(11)70393-X}
}

@article{Chen2016,
  author    = {Xing Chen and Chenggang C. Yan and Xiaotian Zhang and Xu Zhang and Feng Dai and Jian Yin and Yongdong Zhang},
  title     = {{Drug--target interaction prediction: databases, web servers and computational models}},
  journal   = {Briefings in Bioinformatics},
  volume    = {17},
  number    = {4},
  pages     = {696--712},
  year      = {2016},
  doi       = {10.1093/bib/bbv066}
}

@article{Ye2022,
  author    = {Xianbin Ye and Ziliang Li and Fei Ma and Zongbi Yi and Pengyong Li and Jun Wang and Peng Gao and Yixuan Qiao and Guotong Xie},
  title     = {{CandidateDrug4Cancer: An Open Molecular Graph Learning Benchmark on Drug Discovery for Cancer}},
  journal   = {arXiv preprint arXiv:2203.00836},
  year      = {2022}
}

@article{Rogers2010,
  author    = {David Rogers and Mathew Hahn},
  title     = {{Extended-Connectivity Fingerprints}},
  journal   = {Journal of Chemical Information and Modeling},
  volume    = {50},
  number    = {5},
  pages     = {742--754},
  year      = {2010},
  doi       = {10.1021/ci100050t}
}

@inproceedings{ChenGuestrin2016,
  author    = {Tianqi Chen and Carlos Guestrin},
  title     = {{XGBoost: A Scalable Tree Boosting System}},
  booktitle = {Proceedings of the 22nd ACM SIGKDD International Conference on Knowledge Discovery and Data Mining (KDD)},
  pages     = {785--794},
  year      = {2016},
  publisher = {ACM},
  doi       = {10.1145/2939672.2939785}
}

@inproceedings{Velickovic2018,
  author    = {Petar Veli{\v c}kovi{\'c} and Guillem Cucurull and Arantxa Casanova and Adriana Romero and Pietro Li{\`o} and Yoshua Bengio},
  title     = {{Graph Attention Networks}},
  booktitle = {International Conference on Learning Representations (ICLR)},
  year      = {2018}
}

@article{Bento2014,
  author    = {A. Patr{\'i}cia Bento and Anna Gaulton and Anne Hersey and Louisa J. Bellis and Jon Chambers and Mark Davies and Felix A. Kr{\"u}ger and Yvonne Light and Lora Mak and Shaun McGlinchey and Michal Nowotka and George Papadatos and Rita Santos and John P. Overington},
  title     = {{The ChEMBL bioactivity database: an update}},
  journal   = {Nucleic Acids Research},
  volume    = {42},
  number    = {Database issue},
  pages     = {D1083--D1090},
  year      = {2014},
  doi       = {10.1093/nar/gkt1031}
}

@inproceedings{Pope2019,
  author    = {Phillip E. Pope and Soheil Kolouri and Mohammad Rostami and Charles E. Martin and Heiko Hoffmann},
  title     = {{Explainability Methods for Graph Convolutional Neural Networks}},
  booktitle = {Proceedings of the IEEE Conference on Computer Vision and Pattern Recognition (CVPR)},
  pages     = {10772--10781},
  year      = {2019},
  doi       = {10.1109/CVPR.2019.01102}
}

@article{Kanakala2023,
  author    = {Gopi Chand Kanakala and Rishabh Aggarwal and Disha Nayar and Undamatla D. Priyakumar},
  title     = {{Latent Biases in Machine Learning Models for Predicting Binding Affinities Using Popular Data Sets}},
  journal   = {ACS Omega},
  volume    = {8},
  number    = {3},
  pages     = {2389--2397},
  year      = {2023},
  doi       = {10.1021/acsomega.2c06246}
}

@article{Nguyen2021,
  author    = {Thin Nguyen and Hang Le and Thomas P. Quinn and Tri Nguyen and Thuc Duy Le and Svetha Venkatesh},
  title     = {{GraphDTA: Predicting drug--target binding affinity with graph neural networks}},
  journal   = {Bioinformatics},
  volume    = {37},
  number    = {8},
  pages     = {1140--1147},
  year      = {2021},
  doi       = {10.1093/bioinformatics/btaa921}
}

@article{Tsubaki2019,
  author    = {Masashi Tsubaki and Koji Tomii and Jun Sese},
  title     = {{Compound--protein interaction prediction with end-to-end learning of neural networks for graphs and sequences}},
  journal   = {Bioinformatics},
  volume    = {35},
  number    = {2},
  pages     = {309--318},
  year      = {2019},
  doi       = {10.1093/bioinformatics/bty535}
}

@article{Feinberg2018,
  author    = {Evan N. Feinberg and Diptikant Sur and Zhenqin Wu and Brandon E. Husic and Henry Mai and Yuguang Li and Shubhanshu Sun and Jennifer Yang and Bharath Ramsundar and Vijay S. Pande},
  title     = {{PotentialNet for molecular property prediction}},
  journal   = {ACS Central Science},
  volume    = {4},
  number    = {11},
  pages     = {1520--1530},
  year      = {2018},
  doi       = {10.1021/acscentsci.8b00507}
}

@article{Ouyang2024,
  author    = {Xike Ouyang and Yannuo Feng and Chen Cui and Yunhe Li and Li Zhang and Han Wang},
  title     = {{Improving generalizability of drug--target binding prediction by pre-trained multi-view molecular representations}},
  journal   = {Bioinformatics},
  volume    = {41},
  number    = {1},
  pages     = {btaf002},
  year      = {2024},
  doi       = {10.1093/bioinformatics/btaf002}
}
